@article{2016java,
  title={JAVA 程序模型驱动开发案例研究},
  author={刘杨钺},
  journal={福建电脑},
  volume={32},
  number={9},
  pages={1--3},
  year={2016}
}

@Misc{
    cnblogs.com,
    author = "小寒",
    title = "SCRUM 敏捷开发 基础及失败成功案例分析",
    howpublished = "Website",
    year = {2008},
    note = {\url{https://www.cnblogs.com/xh831213/archive/2008/05/20/1203455.html}}
}